<record><leader>00000cas a22000007a 4500</leader><controlfield tag="001">33153216</controlfield><controlfield tag="008">950919d18971907vauwr ne      0    0eng d</controlfield><datafield ind1=" " ind2=" " tag="010"><subfield code="a">sn 95079270 </subfield></datafield><datafield ind1=" " ind2=" " tag="040"><subfield code="a">NVK</subfield><subfield code="b">eng</subfield><subfield code="c">NVK</subfield><subfield code="d">OCLCQ</subfield><subfield code="d">OCLCF</subfield><subfield code="d">OCLCO</subfield></datafield><datafield ind1="1" ind2=" " tag="029"><subfield code="a">AU@</subfield><subfield code="b">000025867094</subfield></datafield><datafield ind1=" " ind2=" " tag="042"><subfield code="a">msc</subfield></datafield><datafield ind1=" " ind2=" " tag="043"><subfield code="a">n-us-va</subfield></datafield><datafield ind1="0" ind2=" " tag="130"><subfield code="a">Bath County enterprise (Warm Springs, Va. : 1897)</subfield></datafield><datafield ind1="1" ind2="0" tag="245"><subfield code="a">Bath County enterprise.</subfield></datafield><datafield ind1=" " ind2=" " tag="260"><subfield code="a">Warm Springs, Va. :</subfield><subfield code="b">R.T. Payne</subfield></datafield><datafield ind1=" " ind2=" " tag="300"><subfield code="a">v.</subfield></datafield><datafield ind1=" " ind2=" " tag="310"><subfield code="a">Weekly</subfield></datafield><datafield ind1="1" ind2=" " tag="362"><subfield code="a">Began in 1897; ceased in 1907.</subfield></datafield><datafield ind1=" " ind2=" " tag="588"><subfield code="a">Description based on: Vol. 1, no. 8 (Aug. 4, 1897).</subfield></datafield><datafield ind1=" " ind2="0" tag="651"><subfield code="a">Warm Springs (Va.)</subfield><subfield code="v">Newspapers.</subfield></datafield><datafield ind1=" " ind2="7" tag="655"><subfield code="a">Newspapers.</subfield><subfield code="2">fast</subfield><subfield code="0">(OCoLC)fst01423814</subfield></datafield><datafield ind1=" " ind2="7" tag="651"><subfield code="a">Virginia</subfield><subfield code="z">Warm Springs.</subfield><subfield code="2">fast</subfield><subfield code="0">(OCoLC)fst01248336</subfield></datafield><datafield ind1=" " ind2=" " tag="752"><subfield code="a">United States</subfield><subfield code="b">Virginia</subfield><subfield code="c">Bath</subfield><subfield code="d">Warm Springs.</subfield></datafield><datafield ind1="0" ind2="0" tag="785"><subfield code="t">Bath County enterprise, news and herald</subfield><subfield code="w">(DLC)sn 95079261</subfield></datafield></record>